@book{bonet1997nonlinear,
  title={Nonlinear continuum mechanics for finite element analysis},
  author={Bonet, Javier and Wood, Richard D},
  year={1997},
  publisher={Cambridge university press}
}

@book{boyd2004convex,
  title={Convex optimization},
  author={Boyd, Stephen and Vandenberghe, Lieven},
  year={2004},
  publisher={Cambridge university press}
}

@book{nocedal2006numerical,
  title={Numerical optimization},
  author={Nocedal, Jorge and Wright, Stephen},
  year={2006},
  publisher={Springer Science \& Business Media}
}

@misc{shewchuk1994introduction,
  title={An introduction to the conjugate gradient method without the agonizing pain},
  author={Shewchuk, Jonathan Richard and others},
  year={1994},
  publisher={Carnegie-Mellon University. Department of Computer Science}
}

@book{bridson2015fluid,
  title={Fluid simulation for computer graphics},
  author={Bridson, Robert},
  year={2015},
  publisher={AK Peters/CRC Press}
}

@article{petersen2008matrix,
  title={The matrix cookbook},
  author={Petersen, Kaare Brandt and Pedersen, Michael Syskind and others},
  journal={Technical University of Denmark},
  volume={7},
  number={15},
  pages={510},
  year={2008}
}

@book{meyers2005effective,
  title={Effective C++: 55 specific ways to improve your programs and designs},
  author={Meyers, Scott},
  year={2005},
  publisher={Pearson Education}
}

@book{meyers2014effective,
  title={Effective modern C++: 42 specific ways to improve your use of C++ 11 and C++ 14},
  author={Meyers, Scott},
  year={2014},
  publisher={" O'Reilly Media, Inc."}
}

@inproceedings{sifakis2012fem,
  title={FEM simulation of 3D deformable solids: a practitioner's guide to theory, discretization and model reduction},
  author={Sifakis, Eftychios and Barbic, Jernej},
  booktitle={Acm siggraph 2012 courses},
  pages={20},
  year={2012},
  organization={ACM}
}